@article{Weld1999,
   author = {Daniel S. Weld},
   title = {Recent Advances in AI Planning},
   journal = {AI Magazine},
   volume = {20},
   number = {2},
   year = {1999}
}

@article{StripsRevisit,
   author = {Richard E. Fikes and Nils J. Nilsson},
   title = {STRIPS, a retrospective},
   journal = {Artificial Intelligence},
   volume = {59},
   year = {1993}
}

@article{BlumFurst,
   author = {Avrim L. Blum and Merrick L. Furst},
   title = {Fast Planning Through Planning Graph Analysis},
   journal = {Artificial Intelligence},
   volume = {90},
   year = {1997}
}

@article{AndersonSmith,
   author = {Corin R. Anderson, David E. Smith, and Daniel S. Weld},
   title = {Conditional Effects in \texttt{GRAPHPLAN}},
   journal = {In Proceedings of the Fourth International Conference on Artificial Intelligence Planning Systems},
   publisher = {AAAI Press},
   year = {1998}
}

@article{Koehler,
   author = {Jana Koehler, Bernhard Nebel, J\"{o}rg Hoffmann, and Yannis Dimopoulus},
   title = {Extending Planning Graphs to an ADL Subset},
   journal = {n Proceedings of the Fourth European Conference on Planning},
   publisher = {Springer-Verlag},
   year = {1997}
}

@book{AMIA,
    title = {Artificial Intelligence: A Modern Approach},
    author = {Stuart Russel and Peter Norvig},
    publisher = {Pearson Education, Inc.},
    year = {2010},
    edition = {3rds},
    isbn = {0-13-604259-7}}